@Science{ScienceDaily,
  title={Science Daily: Millions Of Pounds Of Trash Found On Ocean Beaches},
  url={https://www.sciencedaily.com/releases/2008/04/080416214912.htm},
  year={2018},
}
@reference{Other ref,
  title={Beach drones: how tech will be keeping Britain's shores clean this summer},
  author={ India Sturgis},
  url={http://www.telegraph.co.uk/women/life/beach-drones-tech-will-keeping-britains-shores-clean-summer/},
  year={2017},
}
